@book{sommerville,
	author = {Ian Sommerville},
	title = {Software Engineering},
	year = {2001},
	edition = {Sixth},
	publisher = {Pearson Studium},
	isbn = {3827370019},
	language = {deutsch},
	note = {deutsche Ausgabe}
}

@book{sep,
	author = {Pierre N. Robillard and Philippe Kruchten and Patrick d'Astous},
	title = {Software Engineering Process with the UPEDU},
	year = {2003},
	publisher = {Addison Wesley Longman, Inc., Boston, San Francisco},
	isbn = {0-201-75454-1}
}

@book{tsp,
  author = {Watts S. Humphrey and James W. Over},
  title = {Introduction to the Team Software Process},
  year = {September 2003},
  publisher = {Addison Wesley Longman, Inc., Boston, San Francisco}, 
  isbn = {0-201-47719-X}
}

@book{fluri,
	author = {Peter Ulrich and Edgar Fluri},
	title = {Management},
	year = {1995},
	edition = {Seventh},
	publisher = {UTB f"ur Wissenschaft: Uni-Taschenb"ucher},
	isbn = {3-258-03632-2},
	language = {deutsch}
}

@inproceedings{scott,
  author = {Thomas J. Scott},
  title = {Team Selection Methods for Student Programming Projects},
  year = {1995},
  booktitle = {Proceedings of the 8th CSEE Conference},
  publisher = {},
  address= {New Orleans}
}

@manual{fp,
  author = {David Longstreet},
  title = {Fundamentals of Function Point Analysis},
  organization = {Longstreet Consulting Inc., www.SoftwareMetrics.Com},
  address = {http://www.ifpug.com/files/Fundamentals of Function Point Analysis.pdf},
  note = {Retrieved 2004-09-25},
  year = {2004}
}



