@INPROCEEDINGS{kuperberg2009a,
  author = {Michael Kuperberg and Martin Krogmann and Ralf Reussner},
  title = {{TimerMeter: Quantifying Accuracy of Software Timers for System Analysis}},
  booktitle = {Some conference or workshop 2009},
  year = {2009},
  owner = {MichaelKuperberg}
}
