@book{lit:reussner01,
    author          = "Ralf H. Reussner",
    title           = "Parametrisierte Vertr{\"a}ge zur Protokolladaption bei Software-Komponenten",
    year            = 2001 ,
    publisher       = "Logos Verlag, Berlin",
    isbn            = "3-89722-783-5",
}

@inproceeding{lit:BOR04,
	author = "Steffen Becker and Sven Overhage and Ralf H. Reussner",
	title = "Classifying Software Component Interoperability Errors to Support Component Adaption",
	booktitle = "Proceedings of the 7. CBSE Workshop",
	year = 2004,
	publisher = "Springer Verlag",
}

@unpublished{lit:proposal,
	author = "Marko Hoyer",
	title = "Proposal des Individuellen Projektes",
	note = "Thema: Entwicklung eines Frameworks zur Simulation komponentenbasierter Software-Architekturen",
}

@book{lit:gof,
	author	= "Erich Gamma and Richard Helm and Ralph Johnson and John Vlissides",
	title		= "Entwurfsmuster",
	year		=	1996,
	publisher = "Addision-Wesley Publishing Company",
	isbn		= "3-89319-950-0",
}

@manual{lit:cmmodel,
	title 	= "The Palladio Component Model",
	author  = "Steffen Becker",
	year 		= 2004,
	month 	= "June"
}