@book {lit:db,
	 author = "Elmasri, Ramez and Navathe, Sham",
	 edition = "3., überarb. Aufl.",
   publisher = "Pearson Studium",
   title = "Grundlagen von Datenbanksystemen",
   year = "2002",
   ISBN = "3-8273-7021-3"
}

