@misc{carnegie,
	author = {Carnegie Mellon University},
	title  = {Documenting Component and Connector Views with UML 2.0},
	PUBLISHER = {Carnegie Mellon University - Software Engineering Institute},
	howpublished = {\url{http://www.sei.cmu.edu/publications/documents/04.reports/04tr008/04tr008chap03.html}},
	note = {[retrieved: 2004-03-03]}
}
	
@BOOK{gamma,
  title = {Entwurfsmuster},
  publisher = {Addison-Wesley},
  year = {2004},
  address = {München},
  author = {Gamma, Erich and Helm, Richard and Johnson, Ralph and Vlissides, John}
} 
  
