This file was created with JabRef 1.8.1.
Encoding: Cp1252

@MISC{BECK,
  author = {Becker, Steffen},
  title = {{T}he {P}alladio {C}omponent {M}odel},
  note = {[letztes Abrufdatum 15.12.2005]},
  url = {http://se.informatik.uni-oldenburg.de/pubdb\_files/pdf/TechReport
	Component Model.pdf},
}

@UNPUBLISHED{PalladioCMNeu,
  author = {Becker, Steffen, and Happe, Jens, and Reussner, Ralf},
  title = {{T}he {P}alladio {C}omponent {M}odel},
  note = {[unpublished]},
  owner = {kelsaka},
  timestamp = {2005.12.21},
}

@BOOK{BEIZER1,
  title = {Black-Box Testing},
  publisher = {Wiley},
  year = {1995},
  author = {Beizer, Boris},
  edition = {1},
}

@BOOK{BEIZER2,
  title = {Software Testing Techniques},
  publisher = {Van Nostrand Reinhold},
  year = {1990},
  author = {Beizer, Boris},
  edition = {2},
}

@BOOK{BINDER,
  title = {Testing Object-Oriented Systems},
  publisher = {Addision Wesley},
  year = {2000},
  author = {Binder, Robert V.},
  edition = {1},
}

@BOOK{BUSCH,
  title = {Pattern-Oriented Software Architecture - A System Of Patterns},
  publisher = {John Wiley and Sons Ltd.},
  year = {1996},
  author = {Buschmann, F. and Meunier, R. and Rohnert, H. and Sommerlad, P. and
	Stal, M.},
  volume = {1},
  address = {Chichester, West Sussex, England},
}

@BOOK{DUSTIN,
  title = {Automated Software Testing},
  publisher = {Addison Wesley},
  year = {1999},
  author = {Dustin, Elfriede and Rashka, Jeff and Paul, John},
  edition = {3},
}

@BOOK{EHREN,
  title = {Software-Verifikation},
  publisher = {Hanser},
  year = {2002},
  author = {Ehrenberger, Wolfgang},
  edition = {1},
}

@MISC{devx,
  author = {Elena Litani, and Ed Merks, and Dave Steinberg},
  title = {{Discover the Eclipse Modeling Framework (EMF) and Its Dynamic Capabilities}},
  note = {[letztes Abrufdatum 15.12.2005]},
  owner = {kelsaka},
  timestamp = {2005.12.21},
  url = {http://www.devx.com/Java/Article/29093},
}

@MISC{FELB,
  author = {Felbermeir, Christian},
  title = {Software-Test},
  howpublished = {http://www4.in.tum.de/~pretschn/teaching/testsem02-ausarb/Felbermeir-Grundlagen.pdf},
  note = {letztes Abrufdatum: 25.11.2004},
  institution = {TU München},
}

@BOOK{GAMMA,
  title = {{E}ntwurfsmuster},
  publisher = {Addison-Wesley},
  year = {2004},
  author = {Gamma, Erich and Helm, Richard and Johnson, Ralph and Vlissides,
	John},
  address = {München},
}

@MISC{CSHP,
  author = {Gunnerson, E.},
  title = {C\#},
  howpublished = {\url{http://www.galileocomputing.de/openbook/csharp/index.htm}},
  note = {[letztes Abrufdatum: 24.01.2005]},
}

@MISC{HANF,
  author = {Hanft, Alexandre},
  title = {Software-Qualität und Testverfahren},
  howpublished = {http://www.informatik.hu-berlin.de/~hanft/publ\_doc/FoSemJuni98\_sw\_qualitaet\_test/votrag\_folien.htm},
  note = {letztes Abrufdatum: 25.11.2004},
}

@TECHREPORT{PalladioCMTechreportMH,
  author = {Marko Hoyer},
  title = {{P}alladio {C}omponentmodel - {E}ntwurfsbeschreibung},
  institution = {University of Oldenburg, Software Engineering, Palladio},
  year = {2005},
  owner = {kelsaka},
  timestamp = {2005.12.22},
}

@MISC{KAIR,
  author = {Kaiser, Robert},
  title = {Das Einmaleins des Testens},
  howpublished = {http://www.sysgo.de/fileadmin/pdfs/whitepaper/Das\_Einmaleins\_des\_Testens.pdf},
  note = {letztes Abrufdatum: 25.11.2004},
  institution = {Sysgo AG},
}

@MISC{PLUG,
  author = {Marquardt, Klaus and Völter, Markus},
  title = {{P}lug-{I}ns - applikationsspezifische {K}omponenten},
  howpublished = {\url{http://www.sigs.de/publications/js/2003/02/marquardt\_JS\_02\_03.pdf}},
  note = {[letztes Abrufdatum: 04.02.2005]},
}

@MISC{NETF,
  author = {Microsoft},
  title = {{M}icrosoft .{NET} {F}ramework},
  howpublished = {\url{http://msdn.microsoft.com/netframework/}},
  note = {[letztes Abrufdatum: 24.01.2005]},
}

@MISC{VSNT,
  author = {Microsoft},
  title = {{V}isual {S}tudio .{NET}},
  howpublished = {\url{http://msdn.microsoft.com/vstudio/}},
  note = {[letztes Abrufdatum: 24.01.2005]},
  url = {http://here.cCOM},
}

@MISC{MDA,
  author = {OMG},
  title = {{M}odel {D}riven {A}rchitecture},
  note = {[letztes Abrufdatum 15.12.2005]},
  owner = {kelsaka},
  timestamp = {2005.12.21},
  url = {http://www.omg.org/mda/},
}

@MISC{ANTL,
  author = {Parr, Terence},
  title = {{ANTLR} {AN}other {T}ool for {L}anguage {R}ecognition},
  howpublished = {\url{http://www.antlr.org/}},
  note = {[letztes Abrufdatum: 26.01.2005]},
}

@BOOK{PERRY,
  title = {Software testen},
  publisher = {mitp},
  year = {2003},
  author = {Perry, William E.},
  edition = {1},
}

@MISC{PLOE,
  author = {Plögert, K.},
  title = {{D}as {V}-{M}odell},
  howpublished = {\url{http://www.v-modell.iabg.de/}},
  note = {[letztes Abrufdatum: 11.12.2004]},
}

@MISC{NETR,
  author = {The Netron Project},
  title = {{N}etron {G}raph {L}ibrary},
  howpublished = {\url{http://netron.sourceforge.net/}},
  note = {[letztes Abrufdatum: 12.03.2005]},
}

@BOOK{reussner01i,
  title = {{Parametrisierte Vertr{\"a}ge zur Protokolladaption bei Software-Komponenten}},
  publisher = {Logos Verlag, Berlin},
  year = {2001},
  author = {Ralf H. Reussner},
  isbn = {3-89722-783-5},
}

@BOOK{SCHMITZ,
  title = {Testen im Software-Lebenszyklus},
  publisher = {Vieweg},
  year = {1983},
  author = {Schmitz, Paul and Bons, Heinz and Van Megen, Rudolf},
  edition = {2},
}

@BOOK{SNEED,
  title = {Testen objektorientierter Software},
  publisher = {Hanser},
  year = {2002},
  author = {Sneed, Harry M. and Winter,Mario},
  edition = {1},
}

@MISC{SK,
  author = {Software-Kompetenz},
  title = {Software-Kompetenz},
  howpublished = {http://www.software-kompetenz.de/?10135},
  note = {letztes Abrufdatum: 05.06.2005},
}

@MISC{SOKO,
  author = {Software-Kompetenz},
  title = {Software-Kompetenz},
  howpublished = {http://www.software-kompetenz.de},
  note = {letztes Abrufdatum: 25.11.2004},
}

@BOOK{SOMMER,
  title = {Software Engineering},
  publisher = {Addison-Wesley},
  year = {2001},
  author = {Sommerville, Ian},
  series = {International Computer Sciences Series},
  address = {Harlow, UK},
  edition = {6},
}

@MISC{STRANSKY,
  author = {Frank Stransky},
  title = {Werkzeuge; {S}eminarausarbeitung im {R}ahmen der {P}rojektgruppe
	{R}ide.{N}{E}{T}, {W}{S}04/05 und {S}{S}05, {C}arl-{V}on-{O}ssietzky
	{U}niversität, {O}ldenburg, {F}k. II, {A}bt. {S}oftwareengineering},
  howpublished = {protected access \url{http://bscw-se.informatik.uni-oldenburg.de/bscw/bscw.cgi/0/73006}},
  note = {[letztes Abrufdatum: 13.03.2005]},
}

@MISC{SYNC,
  author = {Syncfusion},
  title = {{S}yncfusion {E}ssential {S}uite},
  howpublished = {\url{http://www.syncfusion.com/}},
  note = {[letztes Abrufdatum: 15.01.2005]},
}

@MISC{TUEB,
  author = {Universität Tübingen},
  title = {Basiswissen Wirtschaftsinformatik 2},
  howpublished = {http://www.wiwi.uni-tuebingen.de/grund02/Kapitel3/3.3\_Systementwicklung.htm},
  note = {[letztes Abrufdatum: 02.11.2004]},
}

@MISC{MUPE,
  author = {Uflacker, Matthias},
  title = {{E}ntwicklung eines {E}ditors für die modellgetriebene {K}onstruktion
	komponentenbasierter {S}oftware-{A}rchitekturen},
  howpublished = {Carl von Ossietzky Universität Oldenburg Department für Informatik
	Software Engineering},
  note = {[letztes Abrufdatum: 06.02.2005]},
}

@BOOK{FLURI,
  title = {{M}anagement: eine konzentrierte {E}inführung},
  publisher = {{U}{T}{B} für {W}issenschaft: {U}ni-{T}aschenbücher},
  year = {1995},
  author = {Ulrich, Peter and Fluri, Edgar},
  address = {Stuttgart},
  edition = {7},
  isbn = {73-8252-0375-1},
}

@MISC{WEST1,
  author = {Westphal, Frank},
  title = {Extreme Programming},
  howpublished = {http://www.frankwestphal.de/ExtremeProgramming.html},
  note = {letztes Abrufdatum: 25.11.2004},
}

@MISC{WEST2,
  author = {Westphal, Frank},
  title = {Testgetriebene Entwicklung},
  howpublished = {http://www.frankwestphal.de/TestgetriebeneEntwicklung.html},
  note = {letztes Anrufdatum: 25.11.2004},
}

@MISC{SWTE,
  author = {Wikipedia},
  title = {Software-Test},
  howpublished = {http://de.wikipedia.org/wiki/Software-Test},
  note = {letztes Anrufdatum: 18.06.2005},
}

@MISC{WIKI,
  author = {Wikipedia},
  title = {{I}terative and {I}nkremental {D}evelopment},
  howpublished = {\url{http://en.wikipedia.org/wiki/Iterative\_and\_Incremental\_development}},
  note = {[letztes Abrufdatum: 11.12.2004]},
}

@MISC{BCEL,
  author = {{Apache Software Foundation}},
  title = {{B}yte {C}ode {E}ngineering {L}ibrary},
  howpublished = {\url{http://jakarta.apache.org/bcel/index.html}},
  note = {[letztes Abrufdatum: 16.01.2005]},
}

@MISC{DESTATIS,
  author = {{S}tatistisches {B}undesamt {D}eutschland},
  title = {{G}esundheitszustand der {B}evölkerung {B}evölkerung, {K}ranke und
	{U}nfallverletzte nach {A}ltersgruppen {E}rgebnisse der {M}ikrozensus-{B}efragung},
  howpublished = {\url{http://www.destatis.de/basis/d/gesu/gesutab9.php}},
  note = {[letztes Abrufdatum: 13.03.2005]},
}

@MISC{ECMA,
  author = {{ECMA International}},
  title = {{S}tandard {ECMA}-335 {C}ommon {L}anguage {I}nfrastructure ({CLI})},
  howpublished = {\url{http://www.ecma-international.org/publications/standards/Ecma-335.htm}},
  note = {[letztes Abrufdatum: 16.01.2005]},
}

@MISC{emf-validation,
  author = {{EMF}},
  title = {{The Eclipse Modeling Framework (EMF) Validation Framework Overview}},
  note = {[letztes Abrufdatum 15.12.2005]},
  owner = {kelsaka},
  timestamp = {2005.12.21},
  url = {http://eclipse.org/emf/docs.php?doc=references/overview/EMF.Validation.html},
}

@MISC{MOF-Spezifikation,
  author = {{O}bject {M}anagement {G}roup},
  title = {{M}eta {O}bject {F}acility ({M}{O}{F}) 2.0 {C}ore {S}pecification},
  note = {[letztes Abrufdatum 15.12.2005]},
  owner = {kelsaka},
  timestamp = {2005.12.21},
  url = {http://www.eclipse.org/gmf/},
}

@MISC{MBEL,
  author = {{MBEL group}},
  title = {{MBEL}: {T}he {M}icrosoft {B}ytecode {E}ngineering {L}ibrary},
  howpublished = {\url{http://www.cs.arizona.edu/mbel/}},
  note = {[letztes Abrufdatum: 16.01.2005]},
}

@MISC{PALL,
  author = {{Palladio Research Group}},
  title = {{T}he {P}alladio {R}esearch {P}roject},
  note = {[letztes Abrufdatum: 15.12.2005]},
  url = {http://se.informatik.uni-oldenburg.de/research/projects/Palladio},
}

@MISC{eclipse,
  title = {{T}he {E}clipse {F}oundation},
  note = {[letztes Anrufdatum: 21.12.2005]},
  owner = {kelsaka},
  timestamp = {2005.12.21},
  url = {http://www.eclipse.org},
}

@MISC{eclipse-history,
  title = {{H}istory of {E}clipse},
  note = {[letztes Abrufdatum 15.12.2005]},
  owner = {kelsaka},
  timestamp = {2005.12.21},
  url = {http://www.eclipse.org/org/},
}

@MISC{EMF,
  title = {Eclipse Modeling Framework},
  note = {[letztes Abrufdatum 15.12.2005]},
  owner = {kelsaka},
  timestamp = {2005.12.21},
  url = {http://www.eclipse.org/emf/},
}

@MISC{GEF,
  title = {{G}raphical {E}diting {F}ramework},
  note = {[letztes Abrufdatum 15.12.2005]},
  owner = {kelsaka},
  timestamp = {2005.12.21},
  url = {http://www.eclipse.org/gef/},
}

@MISC{GMF,
  title = {{G}raphical {M}odeling {F}ramework},
  note = {[letztes Abrufdatum 15.12.2005]},
  owner = {kelsaka},
  timestamp = {2005.12.21},
  url = {http://www.eclipse.org/gmf/},
}

@MISC{IBM,
  title = {{IBM}},
  note = {[letztes Abrufdatum 15.12.2005]},
  owner = {kelsaka},
  timestamp = {2005.12.21},
  url = {http://www.ibm.com/},
}

@MISC{JUnit,
  title = {{JU}nit},
  note = {[letztes Abrufdatum 15.12.2005]},
  owner = {kelsaka},
  timestamp = {2005.12.21},
  url = {http://www.junit.org/},
}

@MISC{Merlin,
  title = {{M}erlin {G}enerator},
  note = {[letztes Abrufdatum 15.12.2005]},
  owner = {kelsaka},
  timestamp = {2005.12.21},
  url = {http://sourceforge.net/projects/merlingenerator},
}

@MISC{OFFIS,
  title = {{OFFIS}},
  note = {[letztes Abrufdatum 15.12.2005]},
  owner = {kelsaka},
  timestamp = {2005.12.21},
  url = {http://www.offis.de/},
}

@MISC{rcp,
  title = {{E}clipse {R}ich {C}lient {P}latform},
  note = {[letztes Abrufdatum 15.12.2005]},
  owner = {kelsaka},
  timestamp = {2005.12.21},
  url = {http://www.eclipse.org/rcp/},
}

@MISC{RideDotNet,
  title = {Projektgruppe {R}ide.{NET}},
  note = {[letztes Abrufdatum 15.12.2005]},
  owner = {kelsaka},
  timestamp = {2005.12.21},
  url = {http://www.Ride.NET.ms/},
}

